@article{sheng2010,
  title={经济全球化对财政支出的非均衡性影响研究——基于中国不同省份财政支出的面板数据分析},
  author={盛晏 and 刘长生},
  journal={工业技术经济},
  volume={29},
  number={10},
  pages={79-86},
  year={2010},
}
@book{Beito2002The,
  title={The voluntary city : choice, community, and civil society},
  author={Beito, David T and Gordon, Peter and Tabarrok, Alexander and Johnson, Paul},
  publisher={University of Michigan Press , Independent Institute},
  year={2002},
}
@article{wang2007,
  title={财政分权、地方政府竞争与FDI的增长效应},
  author={王文剑 and 仉建涛 and 覃成林},
  journal={管理世界},
  number={3},
  pages={13-22},
  year={2007},
}
@article{cai2008,
  title={外商投资、贸易开放度与中国财政支出结构},
  author={蔡伟贤 and 踪家峰},
  journal={财经研究},
  volume={34},
  number={8},
  pages={88-96},
  year={2008},
}
@article{maojie2015,
  title={经济开放与政府规模——来自历史的新发现(1850-2009)},
  author={毛捷 and 管汉晖 and 林智贤},
  journal={经济研究},
  number={7},
  pages={87-101},
  year={2015},
}
@article{kettl2000transformation,
  title={The transformation of governance: Globalization, devolution, and the role of government},
  author={Kettl, Donald F},
  journal={Public Administration Review},
  volume={60},
  number={6},
  pages={488--497},
  year={2000},
  publisher={Wiley Online Library}
}
@article{dreher2008impact,
  title={The impact of globalization on the composition of government expenditures: Evidence from panel data},
  author={Dreher, Axel and Sturm, Jan-Egbert and Ursprung, Heinrich W},
  journal={Public Choice},
  volume={134},
  number={3-4},
  pages={263--292},
  year={2008},
  publisher={Springer}
}
@article{bergh2010government,
  title={Government size and growth: Accounting for economic freedom and globalization},
  author={Bergh, Andreas and Karlsson, Martin},
  journal={Public Choice},
  volume={142},
  number={1},
  pages={195--213},
  year={2010},
  publisher={Springer}
}
@article{kaufman2001globalization,
  title={Globalization, domestic politics, and social spending in Latin America: a time-series cross-section analysis, 1973--97},
  author={Kaufman, Robert R and Segura-Ubiergo, Alex},
  journal={World Politics},
  volume={53},
  number={04},
  pages={553--587},
  year={2001},
  publisher={Cambridge Univ Press}
}
@book{tanzi2000globalization,
  title={Globalization, technological developments, and the work of fiscal termites},
  author={Tanzi, Mr Vito},
  number={0-181},
  year={2000},
  publisher={International Monetary Fund}
}
@article{rodrik1998more,
  title={Why do more open economies have bigger governments?},
  author={Rodrik, Dani},
  journal={Journal of Political Economy},
  volume={106},
  number={5},
  pages={997--1032},
  year={1998},
  publisher={The University of Chicago Press}
}
@book{tanzi1973theory,
  title={The theory of tax structure change during economic development: a critical survey},
  author={Tanzi, Vito},
  year={1973},
  publisher={Dott. A. Giuffr{\`e} Editore}
}
@article{garrett2001globalization,
  title={Globalization, government spending and taxation in the OECD},
  author={Garrett, Geoffrey and Mitchell, Deborah},
  journal={European Journal of Political Research},
  volume={39},
  number={2},
  pages={145--177},
  year={2001},
  publisher={Wiley Online Library}
}
@book{wangyu2014,
  title={政府与市场:变革中的政府职能},
  author={维托·坦茨 and 坦茨 and 王宇},
  publisher={商务印书馆},
  year={2014},
}
@book{rothbard1972america,
  title={America's great depression},
  author={Rothbard, Murray Newton},
  year={1972},
  publisher={Ludwig von Mises Institute}
}
@article{garrett2001globalization,
  title={Globalization and government spending around the world},
  author={Garrett, Geoffrey},
  journal={Studies in Comparative International Development (SCID)},
  volume={35},
  number={4},
  pages={3--29},
  year={2001},
  publisher={Springer}
}

